@misc{cpp,
	title="C++ Programming Language [C++20] [Электронный ресурс]",
	howpublished="Режим доступа: \url{https://devdocs.io/cpp/} (дата обращения: 28.09.2021)"
}

@misc{ubuntu,
	title="Ubuntu 20.04.3 LTS [Электронный ресурс]",
	howpublished="Режим доступа: \url{https://ubuntu.com/download/desktop} (дата обращения: 28.09.2020)"
}

@misc{amd,
	title="Проессор AMD Ryzen™ 7 4700U [Электронный ресурс]",
	howpublished="Режим доступа: \url{https://www.amd.com/ru/products/apu/amd-ryzen-7-4700u} (дата обращения: 28.09.2021)"
}

@misc{clion,
	title="Кросс-платформенная IDE для C и C++ [Электронный ресурс]",
	howpublished="Режим доступа: \url{https://www.jetbrains.com/ru-ru/clion/} (дата обращения: 28.09.2021)"
}


@incollection{alg,
  author      = "Д. Роджерс, Дж. Адамс",
  title       = "Повороты в пространстве",
  booktitle   = "Алгоритмические основы машинной графики",
  publisher   = "- М.: Мир",
  year        = 2001,
  pages       = "143-144",
}

@incollection{math,
  author      = "Д. Роджерс, Дж. Адамс",
  title       = "Матрицы поворота",
  booktitle   = "Математические основы машинной графики",
  publisher   = "- М.: Мир",
  year        = 2001,
  pages       = "20-24",
}
