@misc{timeit,
	title="timeit — Measure execution time of small code snippets [Электронный ресурс]",
	howpublished="Режим доступа: \url{https://docs.python.org/3/library/timeit.html} (дата обращения: 28.09.2021)"
}

@misc{pytest,
	title="pytest: helps you write better programs [Электронный ресурс]",
	howpublished="Режим доступа: \url{https://docs.pytest.org/en/6.2.x/} (дата обращения: 28.09.2021)"
}

@misc{python,
	title="Python 3.9.7 documentation [Электронный ресурс]",
	howpublished="Режим доступа: \url{https://docs.python.org/3/} (дата обращения: 28.09.2021)"
}

@misc{ubuntu,
	title="Ubuntu 20.04.3 LTS [Электронный ресурс]",
	howpublished="Режим доступа: \url{https://ubuntu.com/download/desktop} (дата обращения: 28.09.2020)"
}

@misc{amd,
	title="Проессор AMD Ryzen™ 7 4700U [Электронный ресурс]",
	howpublished="Режим доступа: \url{https://www.amd.com/ru/products/apu/amd-ryzen-7-4700u} (дата обращения: 28.09.2021)"
}

@misc{pycharm,
	title="PyCharm: IDE для профессиональной разработки на Python [Электронный ресурс]",
	howpublished="Режим доступа: \url{https://www.jetbrains.com/ru-ru/pycharm/} (дата обращения: 28.09.2021)"
}

@inbook{optimize,
	author="Бахвалов, Н.С.",
	title="Численные методы",
	publisher="Наука",
	year = 1987,
}

@inbook{win-book,
	author="Кормен, Т.",
	title="Алгоритмы: построение и анализ",
	publisher="МЦНТО",
	year = 1999,
}