@misc{golang,
	title="The Go Programming Language [Электронный ресурс]",
	howpublished="Режим доступа: \url{https://go.dev/} (дата обращения: 28.11.2021)"
}

@misc{ubuntu,
	title="Ubuntu 20.04.3 LTS [Электронный ресурс]",
	howpublished="Режим доступа: \url{https://ubuntu.com/download/desktop} (дата обращения: 28.09.2020)"
}

@misc{amd,
	title="Проессор AMD Ryzen™ 7 4700U [Электронный ресурс]",
	howpublished="Режим доступа: \url{https://www.amd.com/ru/products/apu/amd-ryzen-7-4700u} (дата обращения: 28.09.2021)"
}

@misc{example,
	title="Go Concurrency Patterns: Pipelines and cancellation [Электронный ресурс]",
	howpublished="Режим доступа: \url{https://go.dev/blog/pipelines} (дата обращения: 28.11.2021)"
}


@inbook{parallell,
	author="Г.И. Шпаковский",
	booktitle="Реализация параллельных вычислений: MPI, OpenMP,
	 класте­ры, грид, многоядерные процессоры, графические процессоры, кван­товые компьютеры",
	year = 2011,
}

@inbook{pipeline,
	author="Р.А. Волков А.Н. Гнутов В.К. Дьячков",
	booktitle="Конвейеры. Справочник. Машиностроение,
Ленинградское отделение",
	year = 1984,
}


